@incollection{audoly2000elasticity,
  title={Elasticity and geometry},
  author={Audoly, Basile and Pomeau, Yves},
  booktitle={Peyresq Lectures on Nonlinear Phenomena},
  pages={1--35},
  year={2000},
  publisher={World Scientific}
}
@book{abrahams99tex,
  author          = {Paul W. Abrahams and Karl Berry and Kathryn A. Hargreaves},
  title           = {{\TeX} for the Impatient},
  publisher       = {Addison-Wesley},
  year            = 1990,
}

@incollection{salomon1995advanced,
  author          = {David Salomon},
  title           = {The advanced {\TeX}book},
  address         = {New York},
  publisher       = {Springer},
  year            = 1995,
}
