@article{10.1115/1.4031456,
    author = {Reis, Pedro M.},
    title = {A Perspective on the Revival of Structural (In)Stability With Novel Opportunities for Function: From Buckliphobia to Buckliphilia},
    journal = {Journal of Applied Mechanics},
    volume = {82},
    number = {11},
    pages = {111001},
    year = {2015},
    month = {09},
    issn = {0021-8936}
}
@article{li2005compliant,
	title={Compliant thin film patterns of stiff materials as platforms for stretchable electronics},
	author={Li, Teng and Suo, Zhigang and Lacour, St{\'e}phanie P and Wagner, Sigurd},
	journal={Journal of materials research},
	volume={20},
	number={12},
	pages={3274--3277},
	year={2005},
	publisher={Cambridge University Press}
}

@article{BAZANT200055,
title = {Structural stability},
journal = {International Journal of Solids and Structures},
volume = {37},
number = {1},
pages = {55-67},
year = {2000},
issn = {0020-7683},
author = {Zdeněk P Bažant},
}

@book{bazant2010stability,
  title={Stability of structures: elastic, inelastic, fracture and damage theories},
  author={Bazant, Zdenek P and Cedolin, Luigi},
  year={2010},
  publisher={World Scientific}
}

@article{panetta2019x,
  title={X-shells: A new class of deployable beam structures},
  author={Panetta, Julian and Konakovi{\'c}-Lukovi{\'c}, Mina and Isvoranu, Florin and Bouleau, Etienne and Pauly, Mark},
  journal={ACM Transactions on Graphics (TOG)},
  volume={38},
  number={4},
  pages={1--15},
  year={2019},
  publisher={ACM New York, NY, USA}
}

@article{chen2021bistable,
  title={Bistable auxetic surface structures},
  author={Chen, Tian and Panetta, Julian and Schnaubelt, Max and Pauly, Mark},
  journal={ACM Transactions on Graphics (TOG)},
  volume={40},
  number={4},
  pages={1--9},
  year={2021},
  publisher={ACM New York, NY, USA}
}

@article{liu2023deployable,
  title={Deployable strip structures},
  author={Liu, Daoming and Pellis, Davide and Chiang, Yu-Chou and Rist, Florian and Wallner, Johannes and Pottmann, Helmut},
  journal={ACM Transactions on Graphics (TOG)},
  volume={42},
  number={4},
  pages={1--16},
  year={2023},
  publisher={ACM New York, NY, USA}
}

@article{10.1145/3386569.3392490,
author = {Pillwein, Stefan and Leimer, Kurt and Birsak, Michael and Musialski, Przemyslaw},
title = {On elastic geodesic grids and their planar to spatial deployment},
year = {2020},
issue_date = {August 2020},
publisher = {Association for Computing Machinery},
address = {New York, NY, USA},
volume = {39},
number = {4},
issn = {0730-0301}
}



@article{yu2023continuous,
  title={Continuous modeling of creased annuli with tunable bistable and looping behaviors},
  author={Yu, Tian and Marmo, Francesco and Cesarano, Pasquale and Adriaenssens, Sigrid},
  journal={Proceedings of the National Academy of Sciences},
  volume={120},
  number={4},
  pages={e2209048120},
  year={2023},
  publisher={National Academy of Sciences}
}

@article{chen2018harnessing,
  title={Harnessing bistability for directional propulsion of soft, untethered robots},
  author={Chen, Tian and Bilal, Osama R and Shea, Kristina and Daraio, Chiara},
  journal={Proceedings of the National Academy of Sciences},
  volume={115},
  number={22},
  pages={5698--5702},
  year={2018},
  publisher={National Academy of Sciences}
}

@article{chi2022snapping,
  title={Snapping for high-speed and high-efficient butterfly stroke--like soft swimmer},
  author={Chi, Yinding and Hong, Yaoye and Zhao, Yao and Li, Yanbin and Yin, Jie},
  journal={Science Advances},
  volume={8},
  number={46},
  pages={eadd3788},
  year={2022},
  publisher={American Association for the Advancement of Science}
}

@article{zhang2021deployable,
  title={Deployable structures: structural design and static/dynamic analysis},
  author={Zhang, Xiao and Nie, Rui and Chen, Yan and He, Baiyan},
  journal={Journal of Elasticity},
  pages={1--37},
  year={2021},
  publisher={Springer}
}

@article{GEIGER20208363,
title = {Optimal Design of Adaptive Structures vs. Optimal Adaption of Structural Design},
journal = {IFAC-PapersOnLine},
volume = {53},
number = {2},
pages = {8363-8369},
year = {2020},
note = {21st IFAC World Congress},
issn = {2405-8963},
author = {Florian Geiger and Jan Gade and Malte von Scheven and Manfred Bischoff},
}

@article{cui2014coding,
  title={Coding metamaterials, digital metamaterials and programmable metamaterials},
  author={Cui, Tie Jun and Qi, Mei Qing and Wan, Xiang and Zhao, Jie and Cheng, Qiang},
  journal={Light: Science \& Applications},
  volume={3},
  number={10},
  pages={e218--e218},
  year={2014},
  publisher={Nature Publishing Group}
}

@article{PhysRevLett.99.084301,
  title = {Pattern Transformation Triggered by Deformation},
  author = {Mullin, T. and Deschanel, S. and Bertoldi, K. and Boyce, M. C.},
  journal = {Physical Review Letters},
  volume = {99},
  issue = {8},
  pages = {084301},
  numpages = {4},
  year = {2007},
  month = {Aug},
  publisher = {American Physical Society},
}

@article{rogers2010materials,
  title={Materials and mechanics for stretchable electronics},
  author={Rogers, John A and Someya, Takao and Huang, Yonggang},
  journal={Science},
  volume={327},
  number={5973},
  pages={1603--1607},
  year={2010},
  publisher={American Association for the Advancement of Science}
}

@article{yin2020structural,
  title={Structural innovations in printed, flexible, and stretchable electronics},
  author={Yin, Lu and Lv, Jian and Wang, Joseph},
  journal={Advanced Materials Technologies},
  volume={5},
  number={11},
  pages={2000694},
  year={2020},
  publisher={Wiley Online Library}
}

@article{bowden1998spontaneous,
  title={Spontaneous formation of ordered structures in thin films of metals supported on an elastomeric polymer},
  author={Bowden, Ned and Brittain, Scott and Evans, Anthony G and Hutchinson, John W and Whitesides, George M},
  journal={Nature},
  volume={393},
  number={6681},
  pages={146--149},
  year={1998},
  publisher={Nature Publishing Group UK London}
}

@article{cheng2023programming,
  title={Programming 3D curved mesosurfaces using microlattice designs},
  author={Cheng, Xu and Fan, Zhichao and Yao, Shenglian and Jin, Tianqi and Lv, Zengyao and Lan, Yu and Bo, Renheng and Chen, Yitong and Zhang, Fan and Shen, Zhangming and others},
  journal={Science},
  volume={379},
  number={6638},
  pages={1225--1232},
  year={2023},
  publisher={American Association for the Advancement of Science}
}

@article{jiao2023vertical,
  title={Vertical serpentine interconnect-enabled stretchable and curved electronics},
  author={Jiao, Rui and Wang, Ruoqin and Wang, Yixin and Cheung, Yik Kin and Chen, Xingru and Wang, Xiaoyi and Deng, Yang and Yu, Hongyu},
  journal={Microsystems \& Nanoengineering},
  volume={9},
  number={1},
  pages={149},
  year={2023},
  publisher={Nature Publishing Group UK London}
}

@article{Kobayashi2018FlexibleSW,
  title={Flexible substrate with movable device island supported by serpentine interconnect for mounting ultra-thin silicon chips},
  author={Takeshi Kobayashi and Toshihiro Takeshita and Yusuke Takei and Ryohei Takei},
  journal={2018 International Conference on Electronics Packaging and iMAPS All Asia Conference (ICEP-IAAC)},
  year={2018},
  pages={304-305},
}

@article{xu2013stretchable,
  title={Stretchable batteries with self-similar serpentine interconnects and integrated wireless recharging systems},
  author={Xu, Sheng and Zhang, Yihui and Cho, Jiung and Lee, Juhwan and Huang, Xian and Jia, Lin and Fan, Jonathan A and Su, Yewang and Su, Jessica and Zhang, Huigang and others},
  journal={Nature Communications},
  volume={4},
  number={1},
  pages={1543},
  year={2013},
  publisher={Nature Publishing Group UK London}
}

@article{lai2017single,
  title={Single-thread-based wearable and highly stretchable triboelectric nanogenerators and their applications in cloth-based self-powered human-interactive and biomedical sensing},
  author={Lai, Ying-Chih and Deng, Jianan and Zhang, Steven L and Niu, Simiao and Guo, Hengyu and Wang, Zhong Lin},
  journal={Advanced Functional Materials},
  volume={27},
  number={1},
  pages={1604462},
  year={2017},
  publisher={Wiley Online Library}
}

@article{dill1992kirchhoff,
  title={Kirchhoff's theory of rods},
  author={Dill, Ellis Harold},
  journal={Archive for History of Exact Sciences},
  pages={1--23},
  year={1992},
  publisher={JSTOR}
}

@article{doedel2007auto,
  title={AUTO-07P: Continuation and bifurcation software for ordinary differential equations},
  author={Doedel, Eusebius J and Champneys, Alan R and Dercole, Fabio and Fairgrieve, Thomas F and Kuznetsov, Yuri A and Oldeman, B and Paffenroth, RC and Sandstede, B and Wang, XJ and Zhang, CH},
  year={2007},
  publisher={Concordia University}
}



@article{widlund2014stretchability,
  title={Stretchability and compliance of freestanding serpentine-shaped ribbons},
  author={Widlund, Thomas and Yang, Shixuan and Hsu, Yung-Yu and Lu, Nanshu},
  journal={International Journal of Solids and Structures},
  volume={51},
  number={23-24},
  pages={4026--4037},
  year={2014},
  publisher={Elsevier}
}

@article{fan2016finite,
  title={A finite deformation model of planar serpentine interconnects for stretchable electronics},
  author={Fan, Zhichao and Zhang, Yihui and Ma, Qiang and Zhang, Fan and Fu, Haoran and Hwang, Keh-Chih and Huang, Yonggang},
  journal={International Journal of Solids and Structures},
  volume={91},
  pages={46--54},
  year={2016},
  publisher={Elsevier}
}

@misc{zhao2021theoretical,
  title={Theoretical modeling of tunable vibrations of three-dimensional serpentine structures for simultaneous measurement of adherent cell mass and modulus},
  author={Zhao, Jianzhong and Li, Weican and Guo, Xingming and Wang, Heling and Rogers, John A and Huang, Yonggang},
  year={2021},
  journal={MRS Bulletin},
  volume={46},
  pages={107-114},
  publisher={Springer}
}

@article{li2019mechanics,
  title={Mechanics of buckled serpentine structures formed via mechanics-guided, deterministic three-dimensional assembly},
  author={Li, Shupeng and Han, Mengdi and Rogers, John A and Zhang, Yihui and Huang, Yonggang and Wang, Heling},
  journal={Journal of the Mechanics and Physics of Solids},
  volume={125},
  pages={736--748},
  year={2019},
  publisher={Elsevier}
}

@article{zhao2021torsional,
  title={Torsional deformation dominated buckling of serpentine structures to form three-dimensional architectures with ultra-low rigidity},
  author={Zhao, Jianzhong and Zhang, Fan and Guo, Xingming and Huang, Yonggang and Zhang, Yihui and Wang, Heling},
  journal={Journal of the Mechanics and Physics of Solids},
  volume={155},
  pages={104568},
  year={2021},
  publisher={Elsevier}
}

@article{feng2020analytical,
  title={Analytical solutions for the lateral-torsional buckling of serpentine interconnects in stretchable electronics},
  author={Feng, Peng and Yuan, Jianghong and Huang, Yin and Li, Xiangyu},
  journal={Journal of Applied Mechanics},
  volume={87},
  number={8},
  pages={081005},
  year={2020},
  publisher={American Society of Mechanical Engineers}
}

@article{zhao2023theoretical,
  title={Theoretical modeling of vibrations of mechanically assembled 3D serpentine structures},
  author={Zhao, Jianzhong and Cao, Huijie and Shuai, Yumeng},
  journal={Journal of Applied Mechanics},
  volume={90},
  number={7},
  pages={071002},
  year={2023},
  publisher={American Society of Mechanical Engineers}
}

@book{gelfand2000calculus,
  title={Calculus of variations},
  author={Gelfand, Izrail Moiseevitch and Silverman, Richard A and others},
  year={2000},
  publisher={Courier Corporation}
}

@article{morse1951introduction,
  title={Introduction to Analysis in the Large},
  author={Morse, Marston},
  year={1951},
  publisher={Institute for Advanced Study}
}

@article{manning1998isoperimetric,
  title={Isoperimetric conjugate points with application to the stability of DNA minicircles},
  author={Manning, Robert S and Rogers, Kathleen A and Maddocks, John H},
  journal={Proceedings of the Royal Society of London. Series A: Mathematical, Physical and Engineering Sciences},
  volume={454},
  number={1980},
  pages={3047--3074},
  year={1998},
  publisher={The Royal Society}
}

@article{hoffman2002calculation,
  title={Calculation of the stability index in parameter-dependent calculus of variations problems: Buckling of a twisted elastic strut},
  author={Hoffman, Kathleen A and Manning, Robert S and Paffenroth, Randy C},
  journal={SIAM Journal on Applied Dynamical Systems},
  volume={1},
  number={1},
  pages={115--145},
  year={2002},
  publisher={SIAM}
}

@article{manning2009conjugate,
  title={Conjugate points revisited and Neumann--Neumann problems},
  author={Manning, Robert S},
  journal={SIAM Review},
  volume={51},
  number={1},
  pages={193--212},
  year={2009},
  publisher={SIAM}
}

@article{goriely2000nonlinear,
  title={The nonlinear dynamics of filaments},
  author={Goriely, Alain and Tabor, Michael},
  journal={Nonlinear Dynamics},
  volume={21},
  pages={101--133},
  year={2000},
  publisher={Springer}
}

@article{kumar2010generalized,
  title={A generalized computational approach to stability of static equilibria of nonlinearly elastic rods in the presence of constraints},
  author={Kumar, Ajeet and Healey, Timothy J},
  journal={Computer Methods in Applied Mechanics and Engineering},
  volume={199},
  number={25-28},
  pages={1805--1815},
  year={2010},
  publisher={Elsevier}
}

@article{liu2011stability,
  title={Stability analysis of helical rod based on exact Cosserat model},
  author={Liu, Yan-zhu and Xue, Yun},
  journal={Applied Mathematics and Mechanics},
  volume={32},
  number={5},
  pages={603--612},
  year={2011},
  publisher={Springer}
}


@article{jihong2021review,
  title={A review of topology optimization for additive manufacturing: Status and challenges},
  author={Jihong, ZHU and Han, ZHOU and Chuang, WANG and Lu, ZHOU and Shangqin, YUAN and Zhang, Weihong},
  journal={Chinese Journal of Aeronautics},
  volume={34},
  number={1},
  pages={91--110},
  year={2021},
  publisher={Elsevier}
}

@article{ye2022automatic,
  title={An automatic numerical approach to optimize flexible serpentine structure design},
  author={Ye, Chong and Chen, Rui and Sitaraman, Suresh K},
  journal={Flexible and Printed Electronics},
  volume={7},
  number={2},
  pages={025011},
  year={2022},
  publisher={IOP Publishing}
}

@inproceedings{han2022electrical,
  title={Electrical performance optimization of serpentine interconnect for stretchable electronics},
  author={Han, Zhiyuan and Hong, Yang and Zhu, Xiaojun and Gu, Xiaolong and Sun, Yizhang},
  booktitle={Journal of Physics: Conference Series},
  volume={2342},
  number={1},
  pages={012005},
  year={2022},
  organization={IOP Publishing}
}

@article{gutruf2014strain,
  title={Strain response of stretchable micro-electrodes: Controlling sensitivity with serpentine designs and encapsulation},
  author={Gutruf, Philipp and Walia, Sumeet and Nur Ali, Md and Sriram, Sharath and Bhaskaran, Madhu},
  journal={Applied Physics Letters},
  volume={104},
  number={2},
  year={2014},
  publisher={AIP Publishing}
}

@article{maalawi2002buckling,
  title={Buckling optimization of flexible columns},
  author={Maalawi, Karam Y},
  journal={International Journal of Solids and Structures},
  volume={39},
  number={23},
  pages={5865--5876},
  year={2002},
  publisher={Elsevier}
}

@article{wang2017buckling,
  title={Buckling optimization design of curved stiffeners for grid-stiffened composite structures},
  author={Wang, Dan and Abdalla, Mostafa M and Zhang, Weihong},
  journal={Composite Structures},
  volume={159},
  pages={656--666},
  year={2017},
  publisher={Elsevier}
}

@article{wu2015framework,
  title={Framework for the buckling optimization of variable-angle tow composite plates},
  author={Wu, Zhangming and Raju, Gangadharan and Weaver, Paul M},
  journal={AIAA Journal},
  volume={53},
  number={12},
  pages={3788--3804},
  year={2015},
  publisher={American Institute of Aeronautics and Astronautics}
}

@article{lindgaard2011unified,
  title={A unified approach to nonlinear buckling optimization of composite structures},
  author={Lindgaard, Esben and Lund, Erik},
  journal={Computers \& Structures},
  volume={89},
  number={3-4},
  pages={357--370},
  year={2011},
  publisher={Elsevier}
}

@article{li2019harnessing,
  title={Harnessing inclusions to tune post-buckling deformation and bandgaps of soft porous periodic structures},
  author={Li, Jian and Wang, Yueting and Chen, Weiqiu and Wang, Yue-Sheng and Bao, Ronghao},
  journal={Journal of Sound and Vibration},
  volume={459},
  pages={114848},
  year={2019},
  publisher={Elsevier}
}

@article{lanzi2006post,
  title={Post-buckling optimization of composite stiffened panels: Computations and experiments},
  author={Lanzi, Luca and Giavotto, Vittorio},
  journal={Computers Structures},
  volume={73},
  number={2},
  pages={208--220},
  year={2006},
  publisher={Elsevier}
}

@article{bochenek2006structural,
  title={Structural optimization for post-buckling behavior using particle swarms},
  author={Bochenek, B and Fory{\'s}, P},
  journal={Structural and Multidisciplinary Optimization},
  volume={32},
  pages={521--531},
  year={2006},
  publisher={Springer}
}

@article{zhang2013buckling,
  title={Buckling in serpentine microstructures and applications in elastomer-supported ultra-stretchable electronics with high areal coverage},
  author={Zhang, Yihui and Xu, Sheng and Fu, Haoran and Lee, Juhwan and Su, Jessica and Hwang, Keh-Chih and Rogers, John A and Huang, Yonggang},
  journal={Soft Matter},
  volume={9},
  number={33},
  pages={8062--8070},
  year={2013},
  publisher={Royal Society of Chemistry}
}

@article{arrieta2013modelling,
  title={Modelling and configuration control of wing-shaped bi-stable piezoelectric composites under aerodynamic loads},
  author={Arrieta, Andres F and Bilgen, Onur and Friswell, Michael I and Ermanni, Paolo},
  journal={Aerospace Science and Technology},
  volume={29},
  number={1},
  pages={453--461},
  year={2013},
  publisher={Elsevier}
}

@article{DIACONU2008689,
title = {Concepts for morphing airfoil sections using bi-stable laminated composite structures},
journal = {Thin-Walled Structures},
volume = {46},
number = {6},
pages = {689-701},
year = {2008},
issn = {0263-8231},
author = {Cezar G. Diaconu and Paul M. Weaver and Filippo Mattioni},
}

@article{healey2005straightforward,
  title={Straightforward computation of spatial equilibria of geometrically exact cosserat rods},
  author={Healey, Timothy J and Mehta, PG},
  journal={International Journal of Bifurcation and Chaos},
  volume={15},
  number={03},
  pages={949--965},
  year={2005},
  publisher={World Scientific}
}

@book{timoshenko1969theory,
  title={Theory of Elasticity},
  author={Timoshenko, S. and Goodier, J.N.},
  isbn={9780070642706},
  lccn={69013617},
  series={Engineering mechanics series},
  year={1969},
  publisher={McGraw-Hill
}

@incollection{audoly2000elasticity,
  title={Elasticity and geometry},
  author={Audoly, Basile and Pomeau, Yves},
  booktitle={Peyresq Lectures on Nonlinear Phenomena},
  pages={1--35},
  year={2000},
  publisher={World Scientific}
}

@techreport{henderson1977euler,
  title={Euler angles, quaternions, and transformation matrices for space shuttle analysis},
  author={Henderson, David M},
  year={1977}
}


@article{bobenko2015geometry,
  title={Geometry II: Discrete differential geometry},
  author={Bobenko, Alexander I},
  journal={Lecture Notes, Math Dept., TU Berlin, Germany},
  year={2015}
}

@incollection{bergou2008discrete,
  title={Discrete elastic rods},
  author={Bergou, Mikl{\'o}s and Wardetzky, Max and Robinson, Stephen and Audoly, Basile and Grinspun, Eitan},
  booktitle={ACM SIGGRAPH 2008 papers},
  pages={1--12},
  year={2008}
}

@article{bishop1975there,
  title={There is more than one way to frame a curve},
  author={Bishop, Richard L},
  journal={The American Mathematical Monthly},
  volume={82},
  number={3},
  pages={246--251},
  year={1975},
  publisher={Taylor \& Francis}
}


@article{bergou2010discrete,
  title={Discrete viscous threads},
  author={Bergou, Mikl{\'o}s and Audoly, Basile and Vouga, Etienne and Wardetzky, Max and Grinspun, Eitan},
  journal={ACM Transactions on Graphics (TOG)},
  volume={29},
  number={4},
  pages={1--10},
  year={2010},
  publisher={ACM New York, NY, USA}
}

@book{do2016differential,
  title={Differential geometry of curves and surfaces: revised and updated second edition},
  author={Do Carmo, Manfredo P},
  year={2016},
  publisher={Courier Dover Publications}
}

@book{jawed2018primer,
  title={A primer on the kinematics of discrete elastic rods},
  author={Jawed, M Khalid and Novelia, Alyssa and O'Reilly, Oliver M},
  year={2018},
  publisher={Springer}
}

@article{huang2022natural,
  title={Natural frequencies of pre-buckled rods and gridshells},
  author={Huang, Weicheng and Qin, Longhui and Chen, Qiang},
  journal={Applied Mathematical Modelling},
  volume={107},
  pages={621--636},
  year={2022},
  publisher={Elsevier}
}

@article{lestringant2020modeling,
  title={Modeling of flexible beam networks and morphing structures by geometrically exact discrete beams},
  author={Lestringant, Claire and Kochmann, Dennis M},
  journal={Journal of Applied Mechanics},
  volume={87},
  number={8},
  pages={081006},
  year={2020},
  publisher={American Society of Mechanical Engineers}
}


@book{dankowicz2013recipes,
  title={Recipes for Continuation},
  author={Dankowicz, Harry and Schilder, Frank},
  year={2013},
  publisher={SIAM}
}

@book{seydel2009practical,
  title={Practical bifurcation and stability analysis},
  author={Seydel, R{\"u}diger},
  volume={5},
  year={2009},
  publisher={Springer Science \& Business Media}
}

@book{kuznetsov1998elements,
  title={Elements of applied bifurcation theory},
  author={Kuznetsov, Yuri A and Kuznetsov, Iu A and Kuznetsov, Y},
  volume={112},
  year={1998},
  publisher={Springer}
}

@article{zhong2021differential,
  title={Differential correction and arc-length continuation applied to boundary value problems: Examples based on snap-through of circular arches},
  author={Zhong, Jun and Ross, Shane D},
  journal={Applied Mathematical Modelling},
  volume={97},
  pages={81--95},
  year={2021},
  publisher={Elsevier}
}

@article{russell1972collocation,
  title={A collocation method for boundary value problems},
  author={Russell, RD and Shampine, Lawerence F},
  journal={Numerische Mathematik},
  volume={19},
  pages={1--28},
  year={1972},
  publisher={Springer}
}



@article{yu2019bifurcations,
  title={Bifurcations of buckled, clamped anisotropic rods and thin bands under lateral end translations},
  author={Yu, Tian and Hanna, JA},
  journal={Journal of the Mechanics and Physics of Solids},
  volume={122},
  pages={657--685},
  year={2019},
  publisher={Elsevier}
}

@article{yu2021numerical,
  title={Numerical modeling of static equilibria and bifurcations in bigons and bigon rings},
  author={Yu, Tian and Dreier, Lauren and Marmo, Francesco and Gabriele, Stefano and Parascho, Stefana and Adriaenssens, Sigrid},
  journal={Journal of the Mechanics and Physics of Solids},
  volume={152},
  pages={104459},
  year={2021},
  publisher={Elsevier}
}

@article{huang2022buckling,
  title={Buckling instability and dynamic response of a planar gridshell under thermal load},
  author={Huang, Weicheng and Qin, Longhui and Xu, Peifei and Lu, Fangzhou and Chen, Qiang},
  journal={Mechanics Research Communications},
  volume={125},
  pages={103977},
  year={2022},
  publisher={Elsevier}
}

@article{shi2025double,
  title={Double-eigenvalue bifurcation and multistability in serpentine strips with tunable buckling behaviors},
  author={Shi, Qiyao and Huang, Weicheng and Yu, Tian and Li, Mingwu},
  journal={Journal of the Mechanics and Physics of Solids},
  volume={195},
  pages={105922},
  year={2025},
  publisher={Elsevier}
}

@article{elishakoff2001non,
  title={Non-classical problems in the theory of elastic stability},
  author={Elishakoff, E and Li, Yiwei and Starnes Jr, James H and Cheney, JA},
  journal={Applied Mechanics Reviews},
  volume={54},
  number={5},
  pages={B86--B86},
  year={2001}
}

@article{wang2023substantial,
  title={Substantial curvature effects on compliant serpentine mechanics},
  author={Wang, Yafei and Zhao, Wei and Du, Yangkun and Dai, Zhijun and Liu, Yanju and Xu, Fan},
  journal={Mechanics of Materials},
  volume={184},
  pages={104732},
  year={2023},
  publisher={Elsevier}
}

@article{yang2017elasticity,
  title={Elasticity solutions to nonbuckling serpentine ribbons},
  author={Yang, Shixuan and Qiao, Shutao and Lu, Nanshu},
  journal={Journal of Applied Mechanics},
  volume={84},
  number={2},
  pages={021004},
  year={2017},
  publisher={American Society of Mechanical Engineers}
}

@article{bauer1975multiple,
  title={Multiple eigenvalues lead to secondary bifurcation},
  author={Bauer, Louis and Keller, Herbert B and Reiss, Edward L},
  journal={SIAM Review},
  volume={17},
  number={1},
  pages={101--122},
  year={1975},
  publisher={SIAM}
}

@article{tavener1988buckling,
  title={Buckling of coupled elastic rods},
  author={Tavener, SJ and Mullin, T},
  journal={Physica D: Nonlinear Phenomena},
  volume={30},
  number={3},
  pages={382--398},
  year={1988},
  publisher={Elsevier}
}

@article{keener1979secondary,
  title={Secondary bifurcation and multiple eigenvalues},
  author={Keener, James P},
  journal={SIAM Journal on Applied Mathematics},
  volume={37},
  number={2},
  pages={330--349},
  year={1979},
  publisher={SIAM}
}

@article{Arena_2018,
year = {2018},
month = {jul},
publisher = {IOP Publishing},
volume = {27},
number = {8},
pages = {085019},
author = {Arena, G and Groh, R M J and Theunissen, R and Weaver, P M and Pirrera, A},
title = {Design and testing of a passively adaptive inlet},
journal = {Smart Materials and Structures},
}

@article{arena2017adaptive,
  title={Adaptive compliant structures for flow regulation},
  author={Arena, Gaetano and MJ Groh, Rainer and Brinkmeyer, Alex and Theunissen, Raf and M. Weaver, Paul and Pirrera, Alberto},
  journal={Proceedings of the Royal Society A: Mathematical, Physical and Engineering Sciences},
  volume={473},
  number={2204},
  pages={20170334},
  year={2017},
  publisher={The Royal Society Publishing}
}

@article{starostin2022forceless,
  title={Forceless folding of thin annular strips},
  author={Starostin, EL and van der Heijden, GHM},
  journal={Journal of the Mechanics and Physics of Solids},
  volume={169},
  pages={105054},
  year={2022},
  publisher={Elsevier}
}

@article{van1998lock,
  title={Lock-on to tape-like behaviour in the torsional buckling of anisotropic rods},
  author={Van der Heijden, GHM and Thompson, JMT},
  journal={Physica D: Nonlinear Phenomena},
  volume={112},
  number={1-2},
  pages={201--224},
  year={1998},
  publisher={Elsevier}
}

@article{champneys1996multiplicity,
  title={A multiplicity of localized buckling modes for twisted rod equations},
  author={Champneys, AR and Thompson, John Michael Tutill},
  journal={Proceedings of the Royal Society of London. Series A: Mathematical, Physical and Engineering Sciences},
  volume={452},
  number={1954},
  pages={2467--2491},
  year={1996},
  publisher={The Royal Society London}
}

@article{domokos2001hidden,
  title={Hidden symmetry of global solutions in twisted elastic rings},
  author={Domokos, G{\'a}bor and Healey, T},
  journal={Journal of Nonlinear Science},
  volume={11},
  pages={47--67},
  year={2001},
  publisher={Springer}
}

@article{melot:hal-04378993,
  TITLE = {{Multi-parametric optimization for controlling bifurcation structures}},
  AUTHOR = {M{\'e}lot, Adrien and Denimal, Enora and Renson, Ludovic},
  JOURNAL = {{Proceedings of the Royal Society A: Mathematical, Physical and Engineering Sciences}},
  PUBLISHER = {{Royal Society, The}},
  PAGES = {1-22},
  YEAR = {2024},
  KEYWORDS = {harmonic balance method ; bifurcation analysis ; stability ; shape optimization ; nonlinear vibrations},
  HAL_ID = {hal-04378993},
  HAL_VERSION = {v1},
}

@article{doi:10.1137/21M1418708,
author = {Boull\'{e}, Nicolas and Farrell, Patrick E. and Paganini, Alberto},
title = {Control of Bifurcation Structures using Shape Optimization},
journal = {SIAM Journal on Scientific Computing},
volume = {44},
number = {1},
pages = {A57-A76},
year = {2022},
}

@article{doi:10.1137/22M1474448,
author = {Boull\'{e}, Nicolas and Farrell, Patrick E. and Rognes, Marie E.},
title = {Optimization of Hopf Bifurcation Points},
journal = {SIAM Journal on Scientific Computing},
volume = {45},
number = {3},
pages = {B390-B411},
year = {2023},
}

@misc{NLopt,
  title = {The {NLopt} nonlinear-optimization package},
  author = {Steven G. Johnson},
  year = {2007},
  howpublished = {\url{https://github.com/stevengj/nlopt}}
}

@Book{PRAXIS,
  author    = {Richard Brent},
  title     = {Algorithms for Minimization without Derivatives},
  publisher = {Prentice-Hall},
  year      = {1972},
}

@article{ahsan2022methods,
  title={Methods of continuation and their implementation in the COCO software platform with application to delay differential equations},
  author={Ahsan, Zaid and Dankowicz, Harry and Li, Mingwu and Sieber, Jan},
  journal={Nonlinear Dynamics},
  volume={107},
  number={4},
  pages={3181--3243},
  year={2022},
  publisher={Springer}
}
